% bibliography
@article{https://doi.org/10.1002/andp.19053220607,
author = {Einstein, A.},
title = {Ãœber einen die Erzeugung und Verwandlung des Lichtes betreffenden heuristischen Gesichtspunkt},
journal = {Annalen der Physik},
volume = {322},
number = {6},
pages = {132-148},
doi = {https://doi.org/10.1002/andp.19053220607},
url = {https://onlinelibrary.wiley.com/doi/abs/10.1002/andp.19053220607},
eprint = {https://onlinelibrary.wiley.com/doi/pdf/10.1002/andp.19053220607},
year = {1905}
}

@report{V500,
  author = {Jaletzky, P. and Maile, M.},
  title = {Der Photoeffekt},
  type = {experimental report},
  institution = {TU Dortmund University},
  date = {2021-05-05},
  url = {https://github.com/dormail/ap/tree/main/V500},
  language = {german},
}

@manual{anleitung,
  author = {TU Dortmund},
  title = {Versuchsanleitung: Versuch Nr. 500, Der Photoeffekt},
  language = {german},
}
