% bibliography

@online{energy_level_scheme,
  author = {Sobarwiki},
  title = {Energy level scheme of SHG process},
  year = 2013,
  url = {https://en.wikipedia.org/wiki/Second-harmonic_generation#/media/File:Energy_level_scheme_of_SHG.png},
  urldate = {2022-10-13}
}
