% bibliography
@manual{leaflet,
  title        = "Determining the density and mobility of charge carriers in p-germanium",
  author       = "LD Didactic GmbH",
  organization = "LD Didactic GmbH",
  address      = "Huerth, Germany",
}
