% bibliography
@article{BB84,
author = {C.H. Bennett and G. Brassard},
title = {Quantum cryptography: Public key distribution and coin tossing},
journal = {Proceedings of IEEE International Conference on Computers, Systems and Signal Processing},
volume = {175},
pages = {8},
url = {https://web.archive.org/web/20200130165639/http://researcher.watson.ibm.com/researcher/files/us-bennetc/BB84highest.pdf},
year = {1984}
}
