% bibliography
@manual{leybold_manual1,
  title        = "X-ray physics - Physics of the atomic shell",
  author       = "Leybold",
  organization = "LEYBOLD DIDACTIC GMBH",
  address      = "Hürth, Germany",
  year         = unknown
}

@manual{leybold_manual2,
  title        = "Properties of crystals - X-ray structural analysis",
  author       = "Leybold",
  organization = "LEYBOLD DIDACTIC GMBH",
  address      = "Hürth, Germany",
  year         = unknown
}
