% bibliography
@manual{elas_manual,
  title        = "Laser Education Kit CA-1200 HeNe Laser",
  author       = "eLas",
  organization = "eLas",
  address      = "Buggingen, Germany",
  year         = 2021
}
