% bibliography

@book{Griffiths:1492149,
      author        = "Griffiths, David J",
      title         = "{Introduction to electrodynamics; 4th ed.}",
      publisher     = "Pearson",
      address       = "Boston, MA",
      year          = "2013",
      url           = "https://cds.cern.ch/record/1492149",
      note          = "Re-published by Cambridge University Press in 2017",
      doi           = "1108420419",
}

@online{muzero,
  author = {National Institute of Standarts and Technology},
  title = {CODATA Value: vacuum magnetic permeability},
  year = 2022,
  url = {https://physics.nist.gov/cgi-bin/cuu/Value?mu0},
  urldate = {2022-09-26}
}

@online{epsilonzero,
  author = {National Institute of Standarts and Technology},
  title = {CODATA Value: vacuum electric permittivity},
  year = 2022,
  url = {https://physics.nist.gov/cgi-bin/cuu/Value?ep0},
  urldate = {2022-09-26}
}
